@misc{Ref1,
   title = {Tor: Pluggable Transports},
   author={Tor Developers},
   year={2002},
   howpublished = {https://www.torproject.org/docs/pluggabletransports.html.en}
}

@inproceedings{Ref2,
  title={The Parrot is Dead: Observing unobservable network communications},
  author={Houmansadr, Amir and Brubaker, Chad and Shmatikov, Vitaly},
  booktitle={Proceedings of the 2013 IEEE Symposium on Security and Privacy},
  year={2013}
}

@inproceedings{Ref3,
  title={Skypemorph: Protocol obfuscation for tor bridges},
  author={Mohajeri Moghaddam, Hooman and Li, Baiyu and Derakhshani, Mohammad and Goldberg, Ian},
  booktitle={Proceedings of the 2012 ACM conference on Computer and communications security},
  pages={97--108},
  year={2012},
  organization={ACM}
}

@article{Ref4,
  title={ScrambleSuit: A Polymorph Network Protocol to Circumvent Censorship},
  author={Winter, Philipp and Pulls, Tobias and Fuss, Juergen},
  journal={arXiv preprint arXiv:1305.3199},
  year={2013}
}

@misc{Ref5,
   title = {Tor Pluggable Transports.},
      author={Tor Developers},
   year={2002},
  howpublished = {https://www.torproject.org/projects/obfsproxy.html.en}
}

@inproceedings{Ref6,
  title={Evading censorship with browser-based proxies},
  author={Fifield, David and Hardison, Nate and Ellithorpe, Jonathan and Stark, Emily and Boneh, Dan and Dingledine, Roger and Porras, Phil},
  booktitle={Privacy Enhancing Technologies},
  pages={239--258},
  year={2012},
  organization={Springer}
}

@inproceedings{Ref7,
  title={Infranet: Circumventing Web Censorship and Surveillance.},
  author={Feamster, Nick and Balazinska, Magdalena and Harfst, Greg and Balakrishnan, Hari and Karger, David R},
  booktitle={USENIX Security Symposium},
  pages={247--262},
  year={2002}
}

@inproceedings{Ref8,
  title={Towards efficient traffic-analysis resistant anonymity networks},
  author={Le Blond, Stevens and Choffnes, David and Zhou, Wenxuan and Druschel, Peter and Ballani, Hitesh and Francis, Paul},
  booktitle={Proceedings of the ACM SIGCOMM 2013 conference on SIGCOMM},
  pages={303--314},
  year={2013},
  organization={ACM}
}

@inproceedings{Ref9,
  title={I want my voice to be heard: IP over Voice-over-IP for unobservable censorship circumvention},
  author={Houmansadr, Amir and Riedl, Thomas and Borisov, Nikita and Singer, Andrew},
  booktitle={Network and Distributed System Security Symposium (NDSS)},
  year={2013}
}

@article{Ref10,
  title={SWEET: Serving the Web by Exploiting Email Tunnels},
  author={Houmansadr, Amir and Zhou, Wenxuan and Caesar, Matthew and Borisov, Nikita},
  journal={arXiv preprint arXiv:1211.3191},
  year={2012}
}

@misc{Ref11,
   title = {Pluggable transport for Tor encoding data as HTTP},
      author={Tor Developers},
   year={2002},
  howpublished = {https://github.com/sjmurdoch/httptransport}
}

@article{Ref12,
  title={Towards a Censorship Analyser for Tor},
  author={Winter, Philipp},
  year={2013}
}

@misc{Ref13,
   title = {Tor Performance Measurement Tool},
      author={Tor Developers},
   year={2002},
  howpublished = {https://github.com/gsathya/torperf2}
}

@misc{Ref14,
   title = {Blocking resistant protocol testing framework},
      author={Tor Developers},
   year={2002},
  howpublished = {https://gitweb.torproject.org/user/blanu/blockingtest.
git}
}

@misc{Ref15,
   title = {Censorship Environment Simulator},
      author={Tor Developers},
   year={2002},
  howpublished = {https://github.com/TheTorProject/EvilGenius}
}

@misc{Ref16,
  title={What is WSGI?},
  author={WSGI Developers},
  year={2013},
  howpublished={http://wsgi.readthedocs.org/en/latest/what.html}
  }